@article{alicke_culpable_2000,
   title       = {Culpable {Control} and the {Psychology} of {Blame}},
   volume      = {126},
   number      = {4},
   journal     = {Psychological Bulletin},
   author      = {Alicke, Mark David},
   year        = {2000},
   pages       = {556--574}
}

@article{alicke_causation_2011,
   title       = {Causation, {Norm} {Violation}, and {Culpable} {Control}},
   volume      = {108},
   number      = {12},
   journal     = {Journal of Philosophy},
   author      = {Alicke, Mark David and Rose, David and Bloom, Dori},
   year        = {2011},
   pages       = {670--696}
}

@article{bauer_answers_2022,
   title       = {Answers at {Gunpoint}. {On} {Livengood} and {Sytsma}'s {Revolver} {Case}},
   volume      = {89},
   journal     = {Philosophy of Science},
   author      = {Bauer, Alexander Max and Romann, Jan},
   year        = {2022},
   pages       = {180--192}
}

@article{danks_demoralizing_2014,
   title       = {Demoralizing {Causation}},
   volume      = {171},
   number      = {2},
   journal     = {Philosophical Studies},
   author      = {Danks, David and Rose, David and Machery, Edouard},
   year        = {2014},
   pages       = {251--277}
}

@article{dowe_causality_1995,
   title       = {Causality and {Conserved} {Quantities}. {A} {Reply} to {Salmon}},
   volume      = {62},
   number      = {2},
   journal     = {Philosophy of Science},
   author      = {Dowe, Phil},
   year        = {1995},
   pages       = {321--333}
}

@book{ehring_causation_1997,
   address     = {Oxford},
   title       = {Causation and {Persistence}},
   publisher   = {Oxford University Press},
   author      = {Ehring, Douglas},
   year        = {1997}
}

@incollection{henne_experimental_forthcoming,
   address     = {Berlin and Boston},
   title       = {Experimental {Metaphysics}. {Causation}},
   booktitle   = {The {Compact} {Compendium} of {Experimental} {Philosophy}},
   publisher   = {Walter de Gruyter},
   author      = {Henne, Paul},
   editor      = {Bauer, Alexander Max and Kornmesser, Stephan},
   year        = {forthcoming}
}

@article{hitchcock_cause_2009,
   title       = {Cause and {Norm}},
   volume      = {106},
   number      = {11},
   journal     = {The Journal of Philosophy},
   author      = {Hitchcock, Christopher and Knobe, Joshua},
   year        = {2009},
   pages       = {587--612}
}

@incollection{knobe_causal_2008,
   address     = {Cambridge},
   title       = {Causal {Judgment} and {Moral} {Judgment}. {Two} {Experiments}},
   volume      = {2},
   booktitle   = {Moral {Psychology}},
   publisher   = {The MIT Press},
   author      = {Knobe, Joshua and Fraser, Benjamin James},
   editor      = {Sinnott-Armstrong, Walter},
   year        = {2008},
   pages       = {441--447}
}

@article{lewis_causation_1973,
   title       = {Causation},
   volume      = {70},
   number      = {17},
   journal     = {Journal of Philosophy},
   author      = {Lewis, David},
   year        = {1973},
   pages       = {556--567}
}

@incollection{lewis_postscripts_1986,
   address     = {Oxford},
   title       = {Postscripts to {Causation}},
   volume      = {2},
   booktitle   = {Philosophical {Papers}},
   publisher   = {Oxford University Press},
   author      = {Lewis, David},
   year        = {1986},
   pages       = {172--213}
}

@misc{limesurvey_limesurvey_2021,
   address     = {Hamburg},
   title       = {{LimeSurvey}. {An} {Open} {Source} {Survey} {Tool}},
   institution = {LimeSurvey Project},
   author      = {LimeSurvey},
   year        = {2021}
}

@article{livengood_actual_2020,
   title       = {Actual {Causation} and {Compositionality}},
   volume      = {87},
   number      = {1},
   journal.    = {Philosophy of Science},
   author      = {Livengood, Jonathan and Sytsma, Justin},
   year        = {2020},
   pages       = {43--69}
}

@article{livengood_following_2017,
   title       = {Following the {FAD}. {Folk} {Attributions} and {Theories} of {Actual} {Causation}},
   volume      = {8},
   number      = {2},
   journal     = {Review of Philosophy and Psychology},
   author      = {Livengood, Jonathan and Sytsma, Justin and Rose, David},
   year        = {2017},
   pages       = {273--294}
}

@article{mcgraw_common_1992,
   title       = {A {Common} {Language} {Effect} {Size} {Statistic}},
   volume      = {111},
   number      = {2},
   journal     = {Psychological Bulletin},
   author      = {McGraw, Kenneth Oakley and Wong, Seok Pin},
   year        = {1992},
   pages       = {361--365}
}

@book{reichenbach_direction_1956,
   address     = {Los Angeles},
   title       = {The {Direction} of {Time}},
   publisher   = {University of California Press},
   author      = {Reichenbach, Hans},
   year        = {1956}
}

@article{rose_cause_2021,
   title       = {Cause and {Burn}},
   volume      = {207},
   journal     = {Cognition},
   author      = {Rose, David and Sievers, Eric and Nichols, Shaun},
   year        = {2021},
   pages       = {104\\517}
}

@article{salmon_causality_1994,
   title       = {Causality without {Counterfactuals}},
   volume      = {61},
   number      = {2},
   journal     = {Philosophy of Science},
   author      = {Salmon, Wesley},
   year        = {1994},
   pages       = {297--312}
}

@article{samland_social_2014,
   title       = {Do {Social} {Norms} {Influence} {Causal} {Inferences}?},
   volume      = {36},
   journal     = {Proceedings of the Annual Meeting of the Cognitive Science Society},
   author      = {Samland, Jana and Waldmann, Michael},
   year        = {2014},
   pages       = {1359--1364}
}

@article{samland_how_2016,
   title       = {How {Prescriptive} {Norms} {Influence} {Causal} {Inferences}},
   volume      = {156},
   journal     = {Cognition},
   author      = {Samland, Jana and Waldmann, Michael},
   year        = {2016},
   pages       = {164--176}
}

@incollection{schwenkler_cause_nodate,
   address     = {London},
   title       = {Cause, `{Cause}', and {Norm}},
   booktitle   = {Advances in {Experimental} {Philosophy} of {Causation}},
   publisher   = {Bloomsbury Academic},
   author      = {Schwenkler, John and Sievers, Eric},
   editor      = {Willemsen, Pascale and Wiegmann, Alex},
   year        = {forthcoming}
}

@article{sytsma_causation_2020,
   title       = {Causation, {Responsibility}, and {Typicality}},
   journal     = {Review of Philosophy and Psychology},
   author      = {Sytsma, Justin},
   year        = {2020}
}

@article{sytsma_crossed_2021,
   title       = {Crossed {Wires}. {Blaming} {Artifacts} for {Bad} {Outcomes}},
   journal     = {The Journal of Philosophy},
   author      = {Sytsma, Justin},
   year        = {2021}
}

@article{sytsma_two_2012,
   title       = {Two {Types} of {Typicality}. {Rethinking} the {Role} of {Statistical} {Typicality} in {Ordinary} {Causal} {Attributions}},
   volume      = {43},
   number      = {4},
   journal     = {Studies in History and Philosophy of Science â€“ Part C},
   author      = {Sytsma, Justin and Livengood, Jonathan and Rose, David},
   year        = {2012},
   pages       = {814--820}
}

@incollection{fischer_causal_2019,
   address     = {London and New York},
   title       = {Causal {Attributions} and {Corpus} {Analysis}},
   booktitle   = {Methodological {Advances} in {Experimental} {Philosophy}},
   publisher   = {Bloomsbury Academic},
   author      = {Sytsma, Justin and Bluhm, Roland and Willemsen, Pascale and Reuter, Kevin},
   editor      = {Fischer, Eugen and Curtis, Mark},
   year        = {2019},
   pages       = {209--238}
}